%YAML 1.1
%TAG !u! tag:unity3d.com,2011:
--- !u!1 &2864083570378053848
GameObject:
  m_ObjectHideFlags: 0
  m_CorrespondingSourceObject: {fileID: 0}
  m_PrefabInstance: {fileID: 0}
  m_PrefabAsset: {fileID: 0}
  serializedVersion: 6
  m_Component:
  - component: {fileID: 2864083570378053831}
  m_Layer: 0
  m_Name: City
  m_TagString: Untagged
  m_Icon: {fileID: 0}
  m_NavMeshLayer: 0
  m_StaticEditorFlags: 0
  m_IsActive: 1
--- !u!4 &2864083570378053831
Transform:
  m_ObjectHideFlags: 0
  m_CorrespondingSourceObject: {fileID: 0}
  m_PrefabInstance: {fileID: 0}
  m_PrefabAsset: {fileID: 0}
  m_GameObject: {fileID: 2864083570378053848}
  m_LocalRotation: {x: 0, y: 0, z: 0, w: 1}
  m_LocalPosition: {x: 0, y: 0, z: 0}
  m_LocalScale: {x: 1, y: 1, z: 1}
  m_Children:
  - {fileID: 2864083570976809010}
  - {fileID: 2864083570011661631}
  - {fileID: 2864083571666862445}
  - {fileID: 2864083569884506344}
  - {fileID: 2864083569694301082}
  - {fileID: 2864083569899429946}
  - {fileID: 2864083571011715984}
  - {fileID: 2864083570993544552}
  - {fileID: 2864083571453799194}
  - {fileID: 2864083570357866391}
  - {fileID: 2864083570037614347}
  - {fileID: 2864083570309136288}
  m_Father: {fileID: 0}
  m_RootOrder: 0
  m_LocalEulerAnglesHint: {x: 0, y: 0, z: 0}
--- !u!1001 &2864083569694711870
PrefabInstance:
  m_ObjectHideFlags: 0
  serializedVersion: 2
  m_Modification:
    m_TransformParent: {fileID: 2864083570378053831}
    m_Modifications:
    - target: {fileID: 145008, guid: 2567255f9a679cd429a31eb02ba54ac1, type: 3}
      propertyPath: m_Name
      value: 1 (1)
      objectReference: {fileID: 0}
    - target: {fileID: 457636, guid: 2567255f9a679cd429a31eb02ba54ac1, type: 3}
      propertyPath: m_LocalPosition.x
      value: 12.97
      objectReference: {fileID: 0}
    - target: {fileID: 457636, guid: 2567255f9a679cd429a31eb02ba54ac1, type: 3}
      propertyPath: m_LocalPosition.y
      value: 37.4
      objectReference: {fileID: 0}
    - target: {fileID: 457636, guid: 2567255f9a679cd429a31eb02ba54ac1, type: 3}
      propertyPath: m_LocalPosition.z
      value: 195.3
      objectReference: {fileID: 0}
    - target: {fileID: 457636, guid: 2567255f9a679cd429a31eb02ba54ac1, type: 3}
      propertyPath: m_LocalRotation.x
      value: -0
      objectReference: {fileID: 0}
    - target: {fileID: 457636, guid: 2567255f9a679cd429a31eb02ba54ac1, type: 3}
      propertyPath: m_LocalRotation.y
      value: -0
      objectReference: {fileID: 0}
    - target: {fileID: 457636, guid: 2567255f9a679cd429a31eb02ba54ac1, type: 3}
      propertyPath: m_LocalRotation.z
      value: -0
      objectReference: {fileID: 0}
    - target: {fileID: 457636, guid: 2567255f9a679cd429a31eb02ba54ac1, type: 3}
      propertyPath: m_LocalRotation.w
      value: 1
      objectReference: {fileID: 0}
    - target: {fileID: 457636, guid: 2567255f9a679cd429a31eb02ba54ac1, type: 3}
      propertyPath: m_RootOrder
      value: 4
      objectReference: {fileID: 0}
    - target: {fileID: 457636, guid: 2567255f9a679cd429a31eb02ba54ac1, type: 3}
      propertyPath: m_LocalEulerAnglesHint.x
      value: 0
      objectReference: {fileID: 0}
    - target: {fileID: 457636, guid: 2567255f9a679cd429a31eb02ba54ac1, type: 3}
      propertyPath: m_LocalEulerAnglesHint.y
      value: 0
      objectReference: {fileID: 0}
    - target: {fileID: 457636, guid: 2567255f9a679cd429a31eb02ba54ac1, type: 3}
      propertyPath: m_LocalEulerAnglesHint.z
      value: 0
      objectReference: {fileID: 0}
    - target: {fileID: 457636, guid: 2567255f9a679cd429a31eb02ba54ac1, type: 3}
      propertyPath: m_LocalScale.x
      value: 12.363611
      objectReference: {fileID: 0}
    - target: {fileID: 457636, guid: 2567255f9a679cd429a31eb02ba54ac1, type: 3}
      propertyPath: m_LocalScale.y
      value: 3
      objectReference: {fileID: 0}
    - target: {fileID: 457636, guid: 2567255f9a679cd429a31eb02ba54ac1, type: 3}
      propertyPath: m_LocalScale.z
      value: 16
      objectReference: {fileID: 0}
    m_RemovedComponents: []
  m_SourcePrefab: {fileID: 100100000, guid: 2567255f9a679cd429a31eb02ba54ac1, type: 3}
--- !u!4 &2864083569694301082 stripped
Transform:
  m_CorrespondingSourceObject: {fileID: 457636, guid: 2567255f9a679cd429a31eb02ba54ac1,
    type: 3}
  m_PrefabInstance: {fileID: 2864083569694711870}
  m_PrefabAsset: {fileID: 0}
--- !u!1001 &2864083569884040420
PrefabInstance:
  m_ObjectHideFlags: 0
  serializedVersion: 2
  m_Modification:
    m_TransformParent: {fileID: 2864083570378053831}
    m_Modifications:
    - target: {fileID: 127732, guid: 5268f3eea397dcb40925cb28a6e9ee0f, type: 3}
      propertyPath: m_Name
      value: 5
      objectReference: {fileID: 0}
    - target: {fileID: 467980, guid: 5268f3eea397dcb40925cb28a6e9ee0f, type: 3}
      propertyPath: m_LocalPosition.x
      value: 327.6
      objectReference: {fileID: 0}
    - target: {fileID: 467980, guid: 5268f3eea397dcb40925cb28a6e9ee0f, type: 3}
      propertyPath: m_LocalPosition.y
      value: 193.3
      objectReference: {fileID: 0}
    - target: {fileID: 467980, guid: 5268f3eea397dcb40925cb28a6e9ee0f, type: 3}
      propertyPath: m_LocalPosition.z
      value: -372.4
      objectReference: {fileID: 0}
    - target: {fileID: 467980, guid: 5268f3eea397dcb40925cb28a6e9ee0f, type: 3}
      propertyPath: m_LocalRotation.x
      value: -0
      objectReference: {fileID: 0}
    - target: {fileID: 467980, guid: 5268f3eea397dcb40925cb28a6e9ee0f, type: 3}
      propertyPath: m_LocalRotation.y
      value: -0
      objectReference: {fileID: 0}
    - target: {fileID: 467980, guid: 5268f3eea397dcb40925cb28a6e9ee0f, type: 3}
      propertyPath: m_LocalRotation.z
      value: -0
      objectReference: {fileID: 0}
    - target: {fileID: 467980, guid: 5268f3eea397dcb40925cb28a6e9ee0f, type: 3}
      propertyPath: m_LocalRotation.w
      value: 1
      objectReference: {fileID: 0}
    - target: {fileID: 467980, guid: 5268f3eea397dcb40925cb28a6e9ee0f, type: 3}
      propertyPath: m_RootOrder
      value: 3
      objectReference: {fileID: 0}
    - target: {fileID: 467980, guid: 5268f3eea397dcb40925cb28a6e9ee0f, type: 3}
      propertyPath: m_LocalEulerAnglesHint.x
      value: 0
      objectReference: {fileID: 0}
    - target: {fileID: 467980, guid: 5268f3eea397dcb40925cb28a6e9ee0f, type: 3}
      propertyPath: m_LocalEulerAnglesHint.y
      value: 0
      objectReference: {fileID: 0}
    - target: {fileID: 467980, guid: 5268f3eea397dcb40925cb28a6e9ee0f, type: 3}
      propertyPath: m_LocalEulerAnglesHint.z
      value: 0
      objectReference: {fileID: 0}
    - target: {fileID: 467980, guid: 5268f3eea397dcb40925cb28a6e9ee0f, type: 3}
      propertyPath: m_LocalScale.x
      value: 20
      objectReference: {fileID: 0}
    - target: {fileID: 467980, guid: 5268f3eea397dcb40925cb28a6e9ee0f, type: 3}
      propertyPath: m_LocalScale.y
      value: 20
      objectReference: {fileID: 0}
    - target: {fileID: 467980, guid: 5268f3eea397dcb40925cb28a6e9ee0f, type: 3}
      propertyPath: m_LocalScale.z
      value: 20
      objectReference: {fileID: 0}
    m_RemovedComponents: []
  m_SourcePrefab: {fileID: 100100000, guid: 5268f3eea397dcb40925cb28a6e9ee0f, type: 3}
--- !u!4 &2864083569884506344 stripped
Transform:
  m_CorrespondingSourceObject: {fileID: 467980, guid: 5268f3eea397dcb40925cb28a6e9ee0f,
    type: 3}
  m_PrefabInstance: {fileID: 2864083569884040420}
  m_PrefabAsset: {fileID: 0}
--- !u!1001 &2864083569899591888
PrefabInstance:
  m_ObjectHideFlags: 0
  serializedVersion: 2
  m_Modification:
    m_TransformParent: {fileID: 2864083570378053831}
    m_Modifications:
    - target: {fileID: 117628, guid: 04c19027b30bcaa489b3ec4b42040dea, type: 3}
      propertyPath: m_Name
      value: 3.1
      objectReference: {fileID: 0}
    - target: {fileID: 440554, guid: 04c19027b30bcaa489b3ec4b42040dea, type: 3}
      propertyPath: m_LocalPosition.x
      value: 13.8
      objectReference: {fileID: 0}
    - target: {fileID: 440554, guid: 04c19027b30bcaa489b3ec4b42040dea, type: 3}
      propertyPath: m_LocalPosition.y
      value: 48.368202
      objectReference: {fileID: 0}
    - target: {fileID: 440554, guid: 04c19027b30bcaa489b3ec4b42040dea, type: 3}
      propertyPath: m_LocalPosition.z
      value: -191.4
      objectReference: {fileID: 0}
    - target: {fileID: 440554, guid: 04c19027b30bcaa489b3ec4b42040dea, type: 3}
      propertyPath: m_LocalRotation.x
      value: -0.0038446796
      objectReference: {fileID: 0}
    - target: {fileID: 440554, guid: 04c19027b30bcaa489b3ec4b42040dea, type: 3}
      propertyPath: m_LocalRotation.y
      value: -0
      objectReference: {fileID: 0}
    - target: {fileID: 440554, guid: 04c19027b30bcaa489b3ec4b42040dea, type: 3}
      propertyPath: m_LocalRotation.z
      value: -0
      objectReference: {fileID: 0}
    - target: {fileID: 440554, guid: 04c19027b30bcaa489b3ec4b42040dea, type: 3}
      propertyPath: m_LocalRotation.w
      value: 0.9999926
      objectReference: {fileID: 0}
    - target: {fileID: 440554, guid: 04c19027b30bcaa489b3ec4b42040dea, type: 3}
      propertyPath: m_RootOrder
      value: 5
      objectReference: {fileID: 0}
    - target: {fileID: 440554, guid: 04c19027b30bcaa489b3ec4b42040dea, type: 3}
      propertyPath: m_LocalEulerAnglesHint.x
      value: -0.441
      objectReference: {fileID: 0}
    - target: {fileID: 440554, guid: 04c19027b30bcaa489b3ec4b42040dea, type: 3}
      propertyPath: m_LocalEulerAnglesHint.y
      value: 0
      objectReference: {fileID: 0}
    - target: {fileID: 440554, guid: 04c19027b30bcaa489b3ec4b42040dea, type: 3}
      propertyPath: m_LocalEulerAnglesHint.z
      value: 0
      objectReference: {fileID: 0}
    - target: {fileID: 440554, guid: 04c19027b30bcaa489b3ec4b42040dea, type: 3}
      propertyPath: m_LocalScale.x
      value: 8
      objectReference: {fileID: 0}
    - target: {fileID: 440554, guid: 04c19027b30bcaa489b3ec4b42040dea, type: 3}
      propertyPath: m_LocalScale.y
      value: 2
      objectReference: {fileID: 0}
    - target: {fileID: 440554, guid: 04c19027b30bcaa489b3ec4b42040dea, type: 3}
      propertyPath: m_LocalScale.z
      value: 5
      objectReference: {fileID: 0}
    m_RemovedComponents: []
  m_SourcePrefab: {fileID: 100100000, guid: 04c19027b30bcaa489b3ec4b42040dea, type: 3}
--- !u!4 &2864083569899429946 stripped
Transform:
  m_CorrespondingSourceObject: {fileID: 440554, guid: 04c19027b30bcaa489b3ec4b42040dea,
    type: 3}
  m_PrefabInstance: {fileID: 2864083569899591888}
  m_PrefabAsset: {fileID: 0}
--- !u!1001 &2864083570011713119
PrefabInstance:
  m_ObjectHideFlags: 0
  serializedVersion: 2
  m_Modification:
    m_TransformParent: {fileID: 2864083570378053831}
    m_Modifications:
    - target: {fileID: 196020, guid: b331863b8ea6edc4e93fc5d6f83dbac6, type: 3}
      propertyPath: m_Name
      value: 12
      objectReference: {fileID: 0}
    - target: {fileID: 478048, guid: b331863b8ea6edc4e93fc5d6f83dbac6, type: 3}
      propertyPath: m_LocalPosition.x
      value: -143.8
      objectReference: {fileID: 0}
    - target: {fileID: 478048, guid: b331863b8ea6edc4e93fc5d6f83dbac6, type: 3}
      propertyPath: m_LocalPosition.y
      value: 100
      objectReference: {fileID: 0}
    - target: {fileID: 478048, guid: b331863b8ea6edc4e93fc5d6f83dbac6, type: 3}
      propertyPath: m_LocalPosition.z
      value: -310.4
      objectReference: {fileID: 0}
    - target: {fileID: 478048, guid: b331863b8ea6edc4e93fc5d6f83dbac6, type: 3}
      propertyPath: m_LocalRotation.x
      value: 0
      objectReference: {fileID: 0}
    - target: {fileID: 478048, guid: b331863b8ea6edc4e93fc5d6f83dbac6, type: 3}
      propertyPath: m_LocalRotation.y
      value: 0.7071068
      objectReference: {fileID: 0}
    - target: {fileID: 478048, guid: b331863b8ea6edc4e93fc5d6f83dbac6, type: 3}
      propertyPath: m_LocalRotation.z
      value: 0
      objectReference: {fileID: 0}
    - target: {fileID: 478048, guid: b331863b8ea6edc4e93fc5d6f83dbac6, type: 3}
      propertyPath: m_LocalRotation.w
      value: 0.7071068
      objectReference: {fileID: 0}
    - target: {fileID: 478048, guid: b331863b8ea6edc4e93fc5d6f83dbac6, type: 3}
      propertyPath: m_RootOrder
      value: 1
      objectReference: {fileID: 0}
    - target: {fileID: 478048, guid: b331863b8ea6edc4e93fc5d6f83dbac6, type: 3}
      propertyPath: m_LocalEulerAnglesHint.x
      value: 0
      objectReference: {fileID: 0}
    - target: {fileID: 478048, guid: b331863b8ea6edc4e93fc5d6f83dbac6, type: 3}
      propertyPath: m_LocalEulerAnglesHint.y
      value: 90
      objectReference: {fileID: 0}
    - target: {fileID: 478048, guid: b331863b8ea6edc4e93fc5d6f83dbac6, type: 3}
      propertyPath: m_LocalEulerAnglesHint.z
      value: 0
      objectReference: {fileID: 0}
    - target: {fileID: 478048, guid: b331863b8ea6edc4e93fc5d6f83dbac6, type: 3}
      propertyPath: m_LocalScale.x
      value: 8
      objectReference: {fileID: 0}
    - target: {fileID: 478048, guid: b331863b8ea6edc4e93fc5d6f83dbac6, type: 3}
      propertyPath: m_LocalScale.y
      value: 7
      objectReference: {fileID: 0}
    - target: {fileID: 478048, guid: b331863b8ea6edc4e93fc5d6f83dbac6, type: 3}
      propertyPath: m_LocalScale.z
      value: 8
      objectReference: {fileID: 0}
    m_RemovedComponents: []
  m_SourcePrefab: {fileID: 100100000, guid: b331863b8ea6edc4e93fc5d6f83dbac6, type: 3}
--- !u!4 &2864083570011661631 stripped
Transform:
  m_CorrespondingSourceObject: {fileID: 478048, guid: b331863b8ea6edc4e93fc5d6f83dbac6,
    type: 3}
  m_PrefabInstance: {fileID: 2864083570011713119}
  m_PrefabAsset: {fileID: 0}
--- !u!1001 &2864083570037133023
PrefabInstance:
  m_ObjectHideFlags: 0
  serializedVersion: 2
  m_Modification:
    m_TransformParent: {fileID: 2864083570378053831}
    m_Modifications:
    - target: {fileID: 145378, guid: 955bf00fba2fee14696800975b5622e5, type: 3}
      propertyPath: m_Name
      value: 10
      objectReference: {fileID: 0}
    - target: {fileID: 485844, guid: 955bf00fba2fee14696800975b5622e5, type: 3}
      propertyPath: m_LocalPosition.x
      value: 688.2
      objectReference: {fileID: 0}
    - target: {fileID: 485844, guid: 955bf00fba2fee14696800975b5622e5, type: 3}
      propertyPath: m_LocalPosition.y
      value: 185.9
      objectReference: {fileID: 0}
    - target: {fileID: 485844, guid: 955bf00fba2fee14696800975b5622e5, type: 3}
      propertyPath: m_LocalPosition.z
      value: -137.2
      objectReference: {fileID: 0}
    - target: {fileID: 485844, guid: 955bf00fba2fee14696800975b5622e5, type: 3}
      propertyPath: m_LocalRotation.x
      value: -0
      objectReference: {fileID: 0}
    - target: {fileID: 485844, guid: 955bf00fba2fee14696800975b5622e5, type: 3}
      propertyPath: m_LocalRotation.y
      value: -0
      objectReference: {fileID: 0}
    - target: {fileID: 485844, guid: 955bf00fba2fee14696800975b5622e5, type: 3}
      propertyPath: m_LocalRotation.z
      value: -0
      objectReference: {fileID: 0}
    - target: {fileID: 485844, guid: 955bf00fba2fee14696800975b5622e5, type: 3}
      propertyPath: m_LocalRotation.w
      value: 1
      objectReference: {fileID: 0}
    - target: {fileID: 485844, guid: 955bf00fba2fee14696800975b5622e5, type: 3}
      propertyPath: m_RootOrder
      value: 10
      objectReference: {fileID: 0}
    - target: {fileID: 485844, guid: 955bf00fba2fee14696800975b5622e5, type: 3}
      propertyPath: m_LocalEulerAnglesHint.x
      value: 0
      objectReference: {fileID: 0}
    - target: {fileID: 485844, guid: 955bf00fba2fee14696800975b5622e5, type: 3}
      propertyPath: m_LocalEulerAnglesHint.y
      value: 0
      objectReference: {fileID: 0}
    - target: {fileID: 485844, guid: 955bf00fba2fee14696800975b5622e5, type: 3}
      propertyPath: m_LocalEulerAnglesHint.z
      value: 0
      objectReference: {fileID: 0}
    - target: {fileID: 485844, guid: 955bf00fba2fee14696800975b5622e5, type: 3}
      propertyPath: m_LocalScale.x
      value: 15
      objectReference: {fileID: 0}
    - target: {fileID: 485844, guid: 955bf00fba2fee14696800975b5622e5, type: 3}
      propertyPath: m_LocalScale.y
      value: 12
      objectReference: {fileID: 0}
    - target: {fileID: 485844, guid: 955bf00fba2fee14696800975b5622e5, type: 3}
      propertyPath: m_LocalScale.z
      value: 15
      objectReference: {fileID: 0}
    m_RemovedComponents: []
  m_SourcePrefab: {fileID: 100100000, guid: 955bf00fba2fee14696800975b5622e5, type: 3}
--- !u!4 &2864083570037614347 stripped
Transform:
  m_CorrespondingSourceObject: {fileID: 485844, guid: 955bf00fba2fee14696800975b5622e5,
    type: 3}
  m_PrefabInstance: {fileID: 2864083570037133023}
  m_PrefabAsset: {fileID: 0}
--- !u!1001 &2864083570308770106
PrefabInstance:
  m_ObjectHideFlags: 0
  serializedVersion: 2
  m_Modification:
    m_TransformParent: {fileID: 2864083570378053831}
    m_Modifications:
    - target: {fileID: 193488, guid: ed8ca91ea98dcb54397b4145af6c0b2e, type: 3}
      propertyPath: m_Name
      value: 6
      objectReference: {fileID: 0}
    - target: {fileID: 497306, guid: ed8ca91ea98dcb54397b4145af6c0b2e, type: 3}
      propertyPath: m_LocalPosition.x
      value: 679.39795
      objectReference: {fileID: 0}
    - target: {fileID: 497306, guid: ed8ca91ea98dcb54397b4145af6c0b2e, type: 3}
      propertyPath: m_LocalPosition.y
      value: 178
      objectReference: {fileID: 0}
    - target: {fileID: 497306, guid: ed8ca91ea98dcb54397b4145af6c0b2e, type: 3}
      propertyPath: m_LocalPosition.z
      value: 198.8
      objectReference: {fileID: 0}
    - target: {fileID: 497306, guid: ed8ca91ea98dcb54397b4145af6c0b2e, type: 3}
      propertyPath: m_LocalRotation.x
      value: -0
      objectReference: {fileID: 0}
    - target: {fileID: 497306, guid: ed8ca91ea98dcb54397b4145af6c0b2e, type: 3}
      propertyPath: m_LocalRotation.y
      value: -0
      objectReference: {fileID: 0}
    - target: {fileID: 497306, guid: ed8ca91ea98dcb54397b4145af6c0b2e, type: 3}
      propertyPath: m_LocalRotation.z
      value: -0
      objectReference: {fileID: 0}
    - target: {fileID: 497306, guid: ed8ca91ea98dcb54397b4145af6c0b2e, type: 3}
      propertyPath: m_LocalRotation.w
      value: 1
      objectReference: {fileID: 0}
    - target: {fileID: 497306, guid: ed8ca91ea98dcb54397b4145af6c0b2e, type: 3}
      propertyPath: m_RootOrder
      value: 11
      objectReference: {fileID: 0}
    - target: {fileID: 497306, guid: ed8ca91ea98dcb54397b4145af6c0b2e, type: 3}
      propertyPath: m_LocalEulerAnglesHint.x
      value: 0
      objectReference: {fileID: 0}
    - target: {fileID: 497306, guid: ed8ca91ea98dcb54397b4145af6c0b2e, type: 3}
      propertyPath: m_LocalEulerAnglesHint.y
      value: 0
      objectReference: {fileID: 0}
    - target: {fileID: 497306, guid: ed8ca91ea98dcb54397b4145af6c0b2e, type: 3}
      propertyPath: m_LocalEulerAnglesHint.z
      value: 0
      objectReference: {fileID: 0}
    - target: {fileID: 497306, guid: ed8ca91ea98dcb54397b4145af6c0b2e, type: 3}
      propertyPath: m_LocalScale.y
      value: 15
      objectReference: {fileID: 0}
    - target: {fileID: 497306, guid: ed8ca91ea98dcb54397b4145af6c0b2e, type: 3}
      propertyPath: m_LocalScale.x
      value: 15
      objectReference: {fileID: 0}
    - target: {fileID: 497306, guid: ed8ca91ea98dcb54397b4145af6c0b2e, type: 3}
      propertyPath: m_LocalScale.z
      value: 15
      objectReference: {fileID: 0}
    m_RemovedComponents: []
  m_SourcePrefab: {fileID: 100100000, guid: ed8ca91ea98dcb54397b4145af6c0b2e, type: 3}
--- !u!4 &2864083570309136288 stripped
Transform:
  m_CorrespondingSourceObject: {fileID: 497306, guid: ed8ca91ea98dcb54397b4145af6c0b2e,
    type: 3}
  m_PrefabInstance: {fileID: 2864083570308770106}
  m_PrefabAsset: {fileID: 0}
--- !u!1001 &2864083570357466163
PrefabInstance:
  m_ObjectHideFlags: 0
  serializedVersion: 2
  m_Modification:
    m_TransformParent: {fileID: 2864083570378053831}
    m_Modifications:
    - target: {fileID: 145008, guid: 2567255f9a679cd429a31eb02ba54ac1, type: 3}
      propertyPath: m_Name
      value: 1
      objectReference: {fileID: 0}
    - target: {fileID: 457636, guid: 2567255f9a679cd429a31eb02ba54ac1, type: 3}
      propertyPath: m_LocalPosition.x
      value: -216.7
      objectReference: {fileID: 0}
    - target: {fileID: 457636, guid: 2567255f9a679cd429a31eb02ba54ac1, type: 3}
      propertyPath: m_LocalPosition.y
      value: 106.8
      objectReference: {fileID: 0}
    - target: {fileID: 457636, guid: 2567255f9a679cd429a31eb02ba54ac1, type: 3}
      propertyPath: m_LocalPosition.z
      value: 610.7001
      objectReference: {fileID: 0}
    - target: {fileID: 457636, guid: 2567255f9a679cd429a31eb02ba54ac1, type: 3}
      propertyPath: m_LocalRotation.x
      value: -0
      objectReference: {fileID: 0}
    - target: {fileID: 457636, guid: 2567255f9a679cd429a31eb02ba54ac1, type: 3}
      propertyPath: m_LocalRotation.y
      value: -0
      objectReference: {fileID: 0}
    - target: {fileID: 457636, guid: 2567255f9a679cd429a31eb02ba54ac1, type: 3}
      propertyPath: m_LocalRotation.z
      value: -0
      objectReference: {fileID: 0}
    - target: {fileID: 457636, guid: 2567255f9a679cd429a31eb02ba54ac1, type: 3}
      propertyPath: m_LocalRotation.w
      value: 1
      objectReference: {fileID: 0}
    - target: {fileID: 457636, guid: 2567255f9a679cd429a31eb02ba54ac1, type: 3}
      propertyPath: m_RootOrder
      value: 9
      objectReference: {fileID: 0}
    - target: {fileID: 457636, guid: 2567255f9a679cd429a31eb02ba54ac1, type: 3}
      propertyPath: m_LocalEulerAnglesHint.x
      value: 0
      objectReference: {fileID: 0}
    - target: {fileID: 457636, guid: 2567255f9a679cd429a31eb02ba54ac1, type: 3}
      propertyPath: m_LocalEulerAnglesHint.y
      value: 0
      objectReference: {fileID: 0}
    - target: {fileID: 457636, guid: 2567255f9a679cd429a31eb02ba54ac1, type: 3}
      propertyPath: m_LocalEulerAnglesHint.z
      value: 0
      objectReference: {fileID: 0}
    - target: {fileID: 457636, guid: 2567255f9a679cd429a31eb02ba54ac1, type: 3}
      propertyPath: m_LocalScale.x
      value: 15
      objectReference: {fileID: 0}
    - target: {fileID: 457636, guid: 2567255f9a679cd429a31eb02ba54ac1, type: 3}
      propertyPath: m_LocalScale.y
      value: 10
      objectReference: {fileID: 0}
    - target: {fileID: 457636, guid: 2567255f9a679cd429a31eb02ba54ac1, type: 3}
      propertyPath: m_LocalScale.z
      value: 15
      objectReference: {fileID: 0}
    m_RemovedComponents: []
  m_SourcePrefab: {fileID: 100100000, guid: 2567255f9a679cd429a31eb02ba54ac1, type: 3}
--- !u!4 &2864083570357866391 stripped
Transform:
  m_CorrespondingSourceObject: {fileID: 457636, guid: 2567255f9a679cd429a31eb02ba54ac1,
    type: 3}
  m_PrefabInstance: {fileID: 2864083570357466163}
  m_PrefabAsset: {fileID: 0}
--- !u!1001 &2864083570976912614
PrefabInstance:
  m_ObjectHideFlags: 0
  serializedVersion: 2
  m_Modification:
    m_TransformParent: {fileID: 2864083570378053831}
    m_Modifications:
    - target: {fileID: 100316, guid: b00208f06b04b2447af23a7247883af2, type: 3}
      propertyPath: m_Name
      value: 11
      objectReference: {fileID: 0}
    - target: {fileID: 431316, guid: b00208f06b04b2447af23a7247883af2, type: 3}
      propertyPath: m_LocalRotation.x
      value: 0
      objectReference: {fileID: 0}
    - target: {fileID: 431316, guid: b00208f06b04b2447af23a7247883af2, type: 3}
      propertyPath: m_LocalRotation.y
      value: 0
      objectReference: {fileID: 0}
    - target: {fileID: 431316, guid: b00208f06b04b2447af23a7247883af2, type: 3}
      propertyPath: m_LocalRotation.z
      value: 0
      objectReference: {fileID: 0}
    - target: {fileID: 431316, guid: b00208f06b04b2447af23a7247883af2, type: 3}
      propertyPath: m_LocalRotation.w
      value: 1
      objectReference: {fileID: 0}
    - target: {fileID: 431316, guid: b00208f06b04b2447af23a7247883af2, type: 3}
      propertyPath: m_RootOrder
      value: 0
      objectReference: {fileID: 0}
    - target: {fileID: 431316, guid: b00208f06b04b2447af23a7247883af2, type: 3}
      propertyPath: m_LocalEulerAnglesHint.x
      value: 0
      objectReference: {fileID: 0}
    - target: {fileID: 431316, guid: b00208f06b04b2447af23a7247883af2, type: 3}
      propertyPath: m_LocalEulerAnglesHint.y
      value: 0
      objectReference: {fileID: 0}
    - target: {fileID: 431316, guid: b00208f06b04b2447af23a7247883af2, type: 3}
      propertyPath: m_LocalEulerAnglesHint.z
      value: 0
      objectReference: {fileID: 0}
    - target: {fileID: 431316, guid: b00208f06b04b2447af23a7247883af2, type: 3}
      propertyPath: m_LocalPosition.x
      value: -300.2
      objectReference: {fileID: 0}
    - target: {fileID: 431316, guid: b00208f06b04b2447af23a7247883af2, type: 3}
      propertyPath: m_LocalPosition.y
      value: 170
      objectReference: {fileID: 0}
    - target: {fileID: 431316, guid: b00208f06b04b2447af23a7247883af2, type: 3}
      propertyPath: m_LocalPosition.z
      value: 89
      objectReference: {fileID: 0}
    - target: {fileID: 431316, guid: b00208f06b04b2447af23a7247883af2, type: 3}
      propertyPath: m_LocalScale.x
      value: 15
      objectReference: {fileID: 0}
    - target: {fileID: 431316, guid: b00208f06b04b2447af23a7247883af2, type: 3}
      propertyPath: m_LocalScale.y
      value: 30
      objectReference: {fileID: 0}
    - target: {fileID: 431316, guid: b00208f06b04b2447af23a7247883af2, type: 3}
      propertyPath: m_LocalScale.z
      value: 15
      objectReference: {fileID: 0}
    m_RemovedComponents: []
  m_SourcePrefab: {fileID: 100100000, guid: b00208f06b04b2447af23a7247883af2, type: 3}
--- !u!4 &2864083570976809010 stripped
Transform:
  m_CorrespondingSourceObject: {fileID: 431316, guid: b00208f06b04b2447af23a7247883af2,
    type: 3}
  m_PrefabInstance: {fileID: 2864083570976912614}
  m_PrefabAsset: {fileID: 0}
--- !u!1001 &2864083570993755656
PrefabInstance:
  m_ObjectHideFlags: 0
  serializedVersion: 2
  m_Modification:
    m_TransformParent: {fileID: 2864083570378053831}
    m_Modifications:
    - target: {fileID: 196020, guid: b331863b8ea6edc4e93fc5d6f83dbac6, type: 3}
      propertyPath: m_Name
      value: 12
      objectReference: {fileID: 0}
    - target: {fileID: 478048, guid: b331863b8ea6edc4e93fc5d6f83dbac6, type: 3}
      propertyPath: m_LocalPosition.x
      value: 161
      objectReference: {fileID: 0}
    - target: {fileID: 478048, guid: b331863b8ea6edc4e93fc5d6f83dbac6, type: 3}
      propertyPath: m_LocalPosition.y
      value: 108
      objectReference: {fileID: 0}
    - target: {fileID: 478048, guid: b331863b8ea6edc4e93fc5d6f83dbac6, type: 3}
      propertyPath: m_LocalPosition.z
      value: 294.1
      objectReference: {fileID: 0}
    - target: {fileID: 478048, guid: b331863b8ea6edc4e93fc5d6f83dbac6, type: 3}
      propertyPath: m_LocalRotation.x
      value: -0
      objectReference: {fileID: 0}
    - target: {fileID: 478048, guid: b331863b8ea6edc4e93fc5d6f83dbac6, type: 3}
      propertyPath: m_LocalRotation.y
      value: -0.7087243
      objectReference: {fileID: 0}
    - target: {fileID: 478048, guid: b331863b8ea6edc4e93fc5d6f83dbac6, type: 3}
      propertyPath: m_LocalRotation.z
      value: -0
      objectReference: {fileID: 0}
    - target: {fileID: 478048, guid: b331863b8ea6edc4e93fc5d6f83dbac6, type: 3}
      propertyPath: m_LocalRotation.w
      value: 0.7054855
      objectReference: {fileID: 0}
    - target: {fileID: 478048, guid: b331863b8ea6edc4e93fc5d6f83dbac6, type: 3}
      propertyPath: m_RootOrder
      value: 7
      objectReference: {fileID: 0}
    - target: {fileID: 478048, guid: b331863b8ea6edc4e93fc5d6f83dbac6, type: 3}
      propertyPath: m_LocalEulerAnglesHint.x
      value: 0
      objectReference: {fileID: 0}
    - target: {fileID: 478048, guid: b331863b8ea6edc4e93fc5d6f83dbac6, type: 3}
      propertyPath: m_LocalEulerAnglesHint.y
      value: -90.262
      objectReference: {fileID: 0}
    - target: {fileID: 478048, guid: b331863b8ea6edc4e93fc5d6f83dbac6, type: 3}
      propertyPath: m_LocalEulerAnglesHint.z
      value: 0
      objectReference: {fileID: 0}
    - target: {fileID: 478048, guid: b331863b8ea6edc4e93fc5d6f83dbac6, type: 3}
      propertyPath: m_LocalScale.x
      value: 7
      objectReference: {fileID: 0}
    - target: {fileID: 478048, guid: b331863b8ea6edc4e93fc5d6f83dbac6, type: 3}
      propertyPath: m_LocalScale.y
      value: 8
      objectReference: {fileID: 0}
    - target: {fileID: 478048, guid: b331863b8ea6edc4e93fc5d6f83dbac6, type: 3}
      propertyPath: m_LocalScale.z
      value: 10
      objectReference: {fileID: 0}
    m_RemovedComponents: []
  m_SourcePrefab: {fileID: 100100000, guid: b331863b8ea6edc4e93fc5d6f83dbac6, type: 3}
--- !u!4 &2864083570993544552 stripped
Transform:
  m_CorrespondingSourceObject: {fileID: 478048, guid: b331863b8ea6edc4e93fc5d6f83dbac6,
    type: 3}
  m_PrefabInstance: {fileID: 2864083570993755656}
  m_PrefabAsset: {fileID: 0}
--- !u!1001 &2864083571011341828
PrefabInstance:
  m_ObjectHideFlags: 0
  serializedVersion: 2
  m_Modification:
    m_TransformParent: {fileID: 2864083570378053831}
    m_Modifications:
    - target: {fileID: 198764, guid: ae79364aca7e6e74b8b8d8300b504d29, type: 3}
      propertyPath: m_Name
      value: 7
      objectReference: {fileID: 0}
    - target: {fileID: 413076, guid: ae79364aca7e6e74b8b8d8300b504d29, type: 3}
      propertyPath: m_LocalPosition.x
      value: -236.1
      objectReference: {fileID: 0}
    - target: {fileID: 413076, guid: ae79364aca7e6e74b8b8d8300b504d29, type: 3}
      propertyPath: m_LocalPosition.y
      value: 209
      objectReference: {fileID: 0}
    - target: {fileID: 413076, guid: ae79364aca7e6e74b8b8d8300b504d29, type: 3}
      propertyPath: m_LocalPosition.z
      value: 335.2
      objectReference: {fileID: 0}
    - target: {fileID: 413076, guid: ae79364aca7e6e74b8b8d8300b504d29, type: 3}
      propertyPath: m_LocalRotation.x
      value: -0
      objectReference: {fileID: 0}
    - target: {fileID: 413076, guid: ae79364aca7e6e74b8b8d8300b504d29, type: 3}
      propertyPath: m_LocalRotation.y
      value: 0.94484454
      objectReference: {fileID: 0}
    - target: {fileID: 413076, guid: ae79364aca7e6e74b8b8d8300b504d29, type: 3}
      propertyPath: m_LocalRotation.z
      value: -0
      objectReference: {fileID: 0}
    - target: {fileID: 413076, guid: ae79364aca7e6e74b8b8d8300b504d29, type: 3}
      propertyPath: m_LocalRotation.w
      value: 0.32751927
      objectReference: {fileID: 0}
    - target: {fileID: 413076, guid: ae79364aca7e6e74b8b8d8300b504d29, type: 3}
      propertyPath: m_RootOrder
      value: 6
      objectReference: {fileID: 0}
    - target: {fileID: 413076, guid: ae79364aca7e6e74b8b8d8300b504d29, type: 3}
      propertyPath: m_LocalEulerAnglesHint.x
      value: 0
      objectReference: {fileID: 0}
    - target: {fileID: 413076, guid: ae79364aca7e6e74b8b8d8300b504d29, type: 3}
      propertyPath: m_LocalEulerAnglesHint.y
      value: 141.763
      objectReference: {fileID: 0}
    - target: {fileID: 413076, guid: ae79364aca7e6e74b8b8d8300b504d29, type: 3}
      propertyPath: m_LocalEulerAnglesHint.z
      value: 0
      objectReference: {fileID: 0}
    - target: {fileID: 413076, guid: ae79364aca7e6e74b8b8d8300b504d29, type: 3}
      propertyPath: m_LocalScale.x
      value: 10
      objectReference: {fileID: 0}
    - target: {fileID: 413076, guid: ae79364aca7e6e74b8b8d8300b504d29, type: 3}
      propertyPath: m_LocalScale.y
      value: 10
      objectReference: {fileID: 0}
    - target: {fileID: 413076, guid: ae79364aca7e6e74b8b8d8300b504d29, type: 3}
      propertyPath: m_LocalScale.z
      value: 10
      objectReference: {fileID: 0}
    m_RemovedComponents: []
  m_SourcePrefab: {fileID: 100100000, guid: ae79364aca7e6e74b8b8d8300b504d29, type: 3}
--- !u!4 &2864083571011715984 stripped
Transform:
  m_CorrespondingSourceObject: {fileID: 413076, guid: ae79364aca7e6e74b8b8d8300b504d29,
    type: 3}
  m_PrefabInstance: {fileID: 2864083571011341828}
  m_PrefabAsset: {fileID: 0}
--- !u!1001 &2864083571454234814
PrefabInstance:
  m_ObjectHideFlags: 0
  serializedVersion: 2
  m_Modification:
    m_TransformParent: {fileID: 2864083570378053831}
    m_Modifications:
    - target: {fileID: 145008, guid: 2567255f9a679cd429a31eb02ba54ac1, type: 3}
      propertyPath: m_Name
      value: 1
      objectReference: {fileID: 0}
    - target: {fileID: 457636, guid: 2567255f9a679cd429a31eb02ba54ac1, type: 3}
      propertyPath: m_LocalPosition.x
      value: 236.5
      objectReference: {fileID: 0}
    - target: {fileID: 457636, guid: 2567255f9a679cd429a31eb02ba54ac1, type: 3}
      propertyPath: m_LocalPosition.y
      value: 88.2
      objectReference: {fileID: 0}
    - target: {fileID: 457636, guid: 2567255f9a679cd429a31eb02ba54ac1, type: 3}
      propertyPath: m_LocalPosition.z
      value: -94
      objectReference: {fileID: 0}
    - target: {fileID: 457636, guid: 2567255f9a679cd429a31eb02ba54ac1, type: 3}
      propertyPath: m_LocalRotation.x
      value: -0.000714168
      objectReference: {fileID: 0}
    - target: {fileID: 457636, guid: 2567255f9a679cd429a31eb02ba54ac1, type: 3}
      propertyPath: m_LocalRotation.y
      value: -0.7053696
      objectReference: {fileID: 0}
    - target: {fileID: 457636, guid: 2567255f9a679cd429a31eb02ba54ac1, type: 3}
      propertyPath: m_LocalRotation.z
      value: -0.00047418236
      objectReference: {fileID: 0}
    - target: {fileID: 457636, guid: 2567255f9a679cd429a31eb02ba54ac1, type: 3}
      propertyPath: m_LocalRotation.w
      value: 0.70883924
      objectReference: {fileID: 0}
    - target: {fileID: 457636, guid: 2567255f9a679cd429a31eb02ba54ac1, type: 3}
      propertyPath: m_RootOrder
      value: 8
      objectReference: {fileID: 0}
    - target: {fileID: 457636, guid: 2567255f9a679cd429a31eb02ba54ac1, type: 3}
      propertyPath: m_LocalEulerAnglesHint.x
      value: -0.096
      objectReference: {fileID: 0}
    - target: {fileID: 457636, guid: 2567255f9a679cd429a31eb02ba54ac1, type: 3}
      propertyPath: m_LocalEulerAnglesHint.y
      value: -89.719
      objectReference: {fileID: 0}
    - target: {fileID: 457636, guid: 2567255f9a679cd429a31eb02ba54ac1, type: 3}
      propertyPath: m_LocalEulerAnglesHint.z
      value: 0.019000001
      objectReference: {fileID: 0}
    - target: {fileID: 457636, guid: 2567255f9a679cd429a31eb02ba54ac1, type: 3}
      propertyPath: m_LocalScale.x
      value: 13
      objectReference: {fileID: 0}
    - target: {fileID: 457636, guid: 2567255f9a679cd429a31eb02ba54ac1, type: 3}
      propertyPath: m_LocalScale.y
      value: 8
      objectReference: {fileID: 0}
    - target: {fileID: 457636, guid: 2567255f9a679cd429a31eb02ba54ac1, type: 3}
      propertyPath: m_LocalScale.z
      value: 12
      objectReference: {fileID: 0}
    m_RemovedComponents: []
  m_SourcePrefab: {fileID: 100100000, guid: 2567255f9a679cd429a31eb02ba54ac1, type: 3}
--- !u!4 &2864083571453799194 stripped
Transform:
  m_CorrespondingSourceObject: {fileID: 457636, guid: 2567255f9a679cd429a31eb02ba54ac1,
    type: 3}
  m_PrefabInstance: {fileID: 2864083571454234814}
  m_PrefabAsset: {fileID: 0}
--- !u!1001 &2864083571666782545
PrefabInstance:
  m_ObjectHideFlags: 0
  serializedVersion: 2
  m_Modification:
    m_TransformParent: {fileID: 2864083570378053831}
    m_Modifications:
    - target: {fileID: 164186, guid: 75ce498590d12b14b97bb91249eee61b, type: 3}
      propertyPath: m_Name
      value: 4
      objectReference: {fileID: 0}
    - target: {fileID: 477244, guid: 75ce498590d12b14b97bb91249eee61b, type: 3}
      propertyPath: m_LocalPosition.x
      value: -457.2
      objectReference: {fileID: 0}
    - target: {fileID: 477244, guid: 75ce498590d12b14b97bb91249eee61b, type: 3}
      propertyPath: m_LocalPosition.y
      value: 157
      objectReference: {fileID: 0}
    - target: {fileID: 477244, guid: 75ce498590d12b14b97bb91249eee61b, type: 3}
      propertyPath: m_LocalPosition.z
      value: -129
      objectReference: {fileID: 0}
    - target: {fileID: 477244, guid: 75ce498590d12b14b97bb91249eee61b, type: 3}
      propertyPath: m_LocalRotation.x
      value: 0
      objectReference: {fileID: 0}
    - target: {fileID: 477244, guid: 75ce498590d12b14b97bb91249eee61b, type: 3}
      propertyPath: m_LocalRotation.y
      value: 0
      objectReference: {fileID: 0}
    - target: {fileID: 477244, guid: 75ce498590d12b14b97bb91249eee61b, type: 3}
      propertyPath: m_LocalRotation.z
      value: 0
      objectReference: {fileID: 0}
    - target: {fileID: 477244, guid: 75ce498590d12b14b97bb91249eee61b, type: 3}
      propertyPath: m_LocalRotation.w
      value: 1
      objectReference: {fileID: 0}
    - target: {fileID: 477244, guid: 75ce498590d12b14b97bb91249eee61b, type: 3}
      propertyPath: m_RootOrder
      value: 2
      objectReference: {fileID: 0}
    - target: {fileID: 477244, guid: 75ce498590d12b14b97bb91249eee61b, type: 3}
      propertyPath: m_LocalEulerAnglesHint.x
      value: 0
      objectReference: {fileID: 0}
    - target: {fileID: 477244, guid: 75ce498590d12b14b97bb91249eee61b, type: 3}
      propertyPath: m_LocalEulerAnglesHint.y
      value: 0
      objectReference: {fileID: 0}
    - target: {fileID: 477244, guid: 75ce498590d12b14b97bb91249eee61b, type: 3}
      propertyPath: m_LocalEulerAnglesHint.z
      value: 0
      objectReference: {fileID: 0}
    - target: {fileID: 477244, guid: 75ce498590d12b14b97bb91249eee61b, type: 3}
      propertyPath: m_LocalScale.x
      value: 10
      objectReference: {fileID: 0}
    - target: {fileID: 477244, guid: 75ce498590d12b14b97bb91249eee61b, type: 3}
      propertyPath: m_LocalScale.y
      value: 8
      objectReference: {fileID: 0}
    - target: {fileID: 477244, guid: 75ce498590d12b14b97bb91249eee61b, type: 3}
      propertyPath: m_LocalScale.z
      value: 10
      objectReference: {fileID: 0}
    m_RemovedComponents: []
  m_SourcePrefab: {fileID: 100100000, guid: 75ce498590d12b14b97bb91249eee61b, type: 3}
--- !u!4 &2864083571666862445 stripped
Transform:
  m_CorrespondingSourceObject: {fileID: 477244, guid: 75ce498590d12b14b97bb91249eee61b,
    type: 3}
  m_PrefabInstance: {fileID: 2864083571666782545}
  m_PrefabAsset: {fileID: 0}
